<?xml version="1.0" encoding="UTF-8"?><collection xmlns="http://www.loc.gov/MARC21/slim"><record><leader>00477nam--2200145-i-4500</leader><controlfield tag="001">000031862</controlfield><controlfield tag="002">20161230</controlfield><controlfield tag="005">20161230201038</controlfield><controlfield tag="008">060222s1000------------r-----000-0-eng-d</controlfield><datafield ind1=" " ind2=" " tag="080"><subfield code="a">546.31:621.0139.534</subfield></datafield><datafield ind1=" " ind2=" " tag="100"><subfield code="a">Mausteller, J.W., Tepper, F.And Rodgers, S.J</subfield></datafield><datafield ind1=" " ind2=" " tag="245"><subfield code="a">Alkali metal handling and systems operating techniques</subfield></datafield><datafield ind1=" " ind2=" " tag="260"><subfield code="a">New York, Gordon And Breach, Science Publ., 1967, 241p</subfield></datafield><datafield ind1=" " ind2=" " tag="490"><subfield code="a">Monograph Series On Nuclear Science And Technology</subfield></datafield><datafield ind1=" " ind2=" " tag="852"><subfield code="a">45102</subfield></datafield></record></collection>